<record><leader>00000cas a2200000 i 4500</leader><controlfield tag="001">11116322</controlfield><controlfield tag="008">840904d18221834njuwr ne      0    0eng  </controlfield><datafield ind1=" " ind2=" " tag="010"><subfield code="a">sn 84020553 </subfield></datafield><datafield ind1=" " ind2=" " tag="040"><subfield code="a">DLC</subfield><subfield code="b">eng</subfield><subfield code="e">rda</subfield><subfield code="c">DLC</subfield><subfield code="d">NPX</subfield><subfield code="d">NJW</subfield><subfield code="d">DLC</subfield><subfield code="d">OCLCQ</subfield><subfield code="d">AQM</subfield><subfield code="d">IUL</subfield><subfield code="d">OCLCF</subfield></datafield><datafield ind1="1" ind2=" " tag="029"><subfield code="a">AU@</subfield><subfield code="b">000026222170</subfield></datafield><datafield ind1=" " ind2=" " tag="042"><subfield code="a">pcc</subfield></datafield><datafield ind1=" " ind2=" " tag="043"><subfield code="a">n-us-nj</subfield></datafield><datafield ind1="0" ind2="0" tag="050"><subfield code="a">Newspaper</subfield></datafield><datafield ind1="0" ind2="0" tag="245"><subfield code="a">Salem messenger. And public advertiser.</subfield></datafield><datafield ind1="3" ind2="0" tag="246"><subfield code="a">Salem messenger &amp; public advertiser</subfield></datafield><datafield ind1="3" ind2="0" tag="246"><subfield code="a">Salem messenger, and public advertiser</subfield></datafield><datafield ind1=" " ind2="1" tag="264"><subfield code="a">Salem, N.J. :</subfield><subfield code="b">Elijah Brooks</subfield></datafield><datafield ind1=" " ind2=" " tag="300"><subfield code="a">volumes. ;</subfield><subfield code="c">48 cm</subfield></datafield><datafield ind1=" " ind2=" " tag="310"><subfield code="a">Weekly</subfield></datafield><datafield ind1=" " ind2=" " tag="336"><subfield code="a">text</subfield><subfield code="b">txt</subfield><subfield code="2">rdacontent</subfield></datafield><datafield ind1=" " ind2=" " tag="337"><subfield code="a">unmediated</subfield><subfield code="b">n</subfield><subfield code="2">rdamedia</subfield></datafield><datafield ind1=" " ind2=" " tag="338"><subfield code="a">volume</subfield><subfield code="b">nc</subfield><subfield code="2">rdacarrier</subfield></datafield><datafield ind1="1" ind2=" " tag="362"><subfield code="a">Began with June 5, 1822 issue; ceased with Feb. 21, 1834 issue.</subfield></datafield><datafield ind1=" " ind2=" " tag="588"><subfield code="a">Description based on: 4th year, no. 186 (April 9, 1823); title from masthead, Readex, America's Historical Newspapers (viewed October 31, 2017).</subfield></datafield><datafield ind1=" " ind2=" " tag="588"><subfield code="a">Latest issue consulted: New series, no. 93, whole number 658 (April 25, 1832); Readex, America's Historical Newspapers (viewed October 31, 2017).</subfield></datafield><datafield ind1=" " ind2="0" tag="651"><subfield code="a">Salem (N.J.)</subfield><subfield code="v">Newspapers.</subfield></datafield><datafield ind1=" " ind2="0" tag="651"><subfield code="a">Salem County (N.J.)</subfield><subfield code="v">Newspapers.</subfield></datafield><datafield ind1=" " ind2="7" tag="651"><subfield code="a">New Jersey</subfield><subfield code="z">Salem.</subfield><subfield code="2">fast</subfield><subfield code="0">(OCoLC)fst01231439</subfield></datafield><datafield ind1=" " ind2="7" tag="651"><subfield code="a">New Jersey</subfield><subfield code="z">Salem County.</subfield><subfield code="2">fast</subfield><subfield code="0">(OCoLC)fst01211881</subfield></datafield><datafield ind1=" " ind2="7" tag="655"><subfield code="a">Newspapers.</subfield><subfield code="2">rbgenr</subfield></datafield><datafield ind1=" " ind2="7" tag="655"><subfield code="a">Newspapers.</subfield><subfield code="2">fast</subfield><subfield code="0">(OCoLC)fst01423814</subfield></datafield><datafield ind1=" " ind2=" " tag="752"><subfield code="a">United States</subfield><subfield code="b">New Jersey</subfield><subfield code="c">Salem</subfield><subfield code="d">Salem.</subfield></datafield><datafield ind1="0" ind2="0" tag="780"><subfield code="t">Salem messenger</subfield><subfield code="w">(DLC)sn 85025222</subfield><subfield code="w">(OCoLC)11603800</subfield></datafield><datafield ind1="0" ind2="0" tag="785"><subfield code="t">Weekly visitor. And literary, scientific, and political gazette</subfield></datafield><datafield ind1="4" ind2="1" tag="856"><subfield code="u">http://infoweb.newsbank.com/?db=EANX&amp;s_browseRef=decades/11AA35F5C7502D58/all.xml</subfield></datafield></record>